<record><leader>00000cas a22000007a 4500</leader><controlfield tag="001">12304990</controlfield><controlfield tag="008">850725d18891894wiuwr ne      0    0eng d</controlfield><datafield ind1=" " ind2=" " tag="010"><subfield code="a">sn 85040873 </subfield></datafield><datafield ind1=" " ind2=" " tag="040"><subfield code="a">NPV</subfield><subfield code="b">eng</subfield><subfield code="c">NPV</subfield><subfield code="d">OCLCQ</subfield></datafield><datafield ind1=" " ind2=" " tag="042"><subfield code="a">msc</subfield></datafield><datafield ind1=" " ind2=" " tag="045"><subfield code="a">w8w9</subfield></datafield><datafield ind1=" " ind2=" " tag="052"><subfield code="a">4123</subfield><subfield code="b">C7</subfield></datafield><datafield ind1="0" ind2="4" tag="245"><subfield code="a">The Kickapoo transcript.</subfield></datafield><datafield ind1="1" ind2="3" tag="246"><subfield code="a">Kickapoo transcript and De Soto chronicle</subfield></datafield><datafield ind1=" " ind2=" " tag="260"><subfield code="a">Soldiers Grove, Wis. :</subfield><subfield code="b">F.A. Carr</subfield></datafield><datafield ind1=" " ind2=" " tag="300"><subfield code="a">v. :</subfield><subfield code="b">ill.</subfield></datafield><datafield ind1=" " ind2=" " tag="310"><subfield code="a">Weekly</subfield></datafield><datafield ind1="1" ind2=" " tag="362"><subfield code="a">Began with July 19, 1889 issue; ceased in 1894.</subfield><subfield code="z">Cf. Oehlerts, d. Guide to Wis. newspapers.</subfield></datafield><datafield ind1=" " ind2=" " tag="500"><subfield code="a">Title varies: Kickapoo transcript and De Soto chronicle, Aug. 30, 1889-Feb. 14, 1890.</subfield></datafield><datafield ind1=" " ind2=" " tag="500"><subfield code="a">Publisher varies.</subfield></datafield><datafield ind1=" " ind2=" " tag="500"><subfield code="a">Editors: F.A. Carr, &lt;Aug. 23, 1889&gt;; F.A. Carr &amp; H.T. Hare, Aug. 30-Sept. 20, 1889; F.A. Carr &amp; J.L. Hemingway, Sept. 27, 1889-Jan. 24, 1890; F.A. Carr, Jan. 31, 1890-&lt;May 4, 1892&gt;; G.D. McDowell, &lt;May 18&gt;-Aug. 31, 1892; F.A. Carr, Sept. 7-Oct. 5, 1892; G.D. McDowell, &lt;Jan. 6&gt;-&lt;Sept. 1, 1893&gt;.</subfield></datafield><datafield ind1=" " ind2=" " tag="515"><subfield code="a">New numbering begins with Aug. 30, 1889 issue, Vol. 4, no. 11.</subfield></datafield><datafield ind1=" " ind2=" " tag="530"><subfield code="a">Available on microfilm from The State Historical Society of Wisconsin.</subfield></datafield><datafield ind1=" " ind2=" " tag="580"><subfield code="a">Absorbed: De Soto chronicle , Aug. 30, 1889.</subfield></datafield><datafield ind1=" " ind2=" " tag="580"><subfield code="a">Continued by: Crawford County advance. Cf. Oehlerts, D. Guide to Wis. newspapers.</subfield></datafield><datafield ind1=" " ind2=" " tag="588"><subfield code="a">Description based on: Vol. 1, no. 6 (Aug. 23, 1889).</subfield></datafield><datafield ind1=" " ind2=" " tag="752"><subfield code="a">United States</subfield><subfield code="b">Wisconsin</subfield><subfield code="c">Crawford</subfield><subfield code="d">Soldiers Grove.</subfield></datafield><datafield ind1="1" ind2="5" tag="780"><subfield code="t">De Soto chronicle</subfield></datafield><datafield ind1="1" ind2="0" tag="785"><subfield code="t">Crawford County advance</subfield><subfield code="w">(DLC)sn 85040874</subfield></datafield><datafield ind1="1" ind2=" " tag="029"><subfield code="a">AU@</subfield><subfield code="b">000025806754</subfield></datafield></record>